


@misc{2016:Zitieren,
  AUTHOR = "wikibooks.org",
  TITLE = "Zitieren mit BibTeX",
  YEAR = "gespeichert am 28.12.2016",
  NOTE = "\\ \url{https://de.wikibooks.org/wiki/LaTeX-Kompendium:_Zitieren_mit_BibTeX}"
  }
  
@misc{2017:amsmath,
  AUTHOR = "namsu.de",
  TITLE = "Latex Paket amsmath",
  YEAR = "gespeichert am 12.06.2017",
  NOTE = "\\ \url{https://www.namsu.de/Extra/pakete/amsmath/Amsmath.html}"
  }



@Book{Zoelzer,
	author = {ZÃ¶lzer, Udo},
	title = {DAFX - Digital Audio Effects},
	publisher = {publisher},
	year = {April 2002}
}

@misc{IIRGenerator,
	author = {Verschiedene Autoren},
	TITLE = {Sinusgenerator mit \uppercase{IIR-F}ilter},
	YEAR = {abgerufen am 11.03.2020},
	url = {https://www.mikrocontroller.net/articles/Sinusgenerator_mit_IIR-Filter},
	NOTE = "\\
	\url{https://www.mikrocontroller.net/articles/Sinusgenerator_mit_IIR-Filter}"
}
